<record><leader>00000cas a22000007a 4500</leader><controlfield tag="001">12210572</controlfield><controlfield tag="008">850628d19801982wiuwr ne      0    0eng d</controlfield><datafield ind1=" " ind2=" " tag="010"><subfield code="a">sn 85040831 </subfield></datafield><datafield ind1=" " ind2=" " tag="040"><subfield code="a">NPV</subfield><subfield code="b">eng</subfield><subfield code="c">NPV</subfield><subfield code="d">NSD</subfield><subfield code="d">OCLCQ</subfield></datafield><datafield ind1=" " ind2=" " tag="042"><subfield code="a">msc</subfield></datafield><datafield ind1=" " ind2=" " tag="045"><subfield code="a">x8x8</subfield></datafield><datafield ind1=" " ind2=" " tag="052"><subfield code="a">4123</subfield><subfield code="b">S5</subfield></datafield><datafield ind1="0" ind2=" " tag="130"><subfield code="a">Enterprise news (Wittenberg, Wis.)</subfield></datafield><datafield ind1="1" ind2="0" tag="245"><subfield code="a">Enterprise news.</subfield></datafield><datafield ind1=" " ind2=" " tag="260"><subfield code="a">Wittenberg, Wis. :</subfield><subfield code="b">G.W. Morgan &amp; R.A. Truchinski,</subfield><subfield code="c">1980-1982.</subfield></datafield><datafield ind1=" " ind2=" " tag="300"><subfield code="a">3 v. :</subfield><subfield code="b">ill.</subfield></datafield><datafield ind1=" " ind2=" " tag="310"><subfield code="a">Weekly</subfield></datafield><datafield ind1="0" ind2=" " tag="362"><subfield code="a">Vol. 87, no. 20 (Aug. 28, 1980)-v. 89, no. 2 (Apr. 22, 1982).</subfield></datafield><datafield ind1=" " ind2=" " tag="500"><subfield code="a">Editors: G.W. Morgan, Nov. 27, 1980-Apr. 22, 1982.</subfield></datafield><datafield ind1=" " ind2=" " tag="530"><subfield code="a">Available on microfilm from The State Historical Society of Wisconsin.</subfield></datafield><datafield ind1=" " ind2=" " tag="752"><subfield code="a">United States</subfield><subfield code="b">Wisconsin</subfield><subfield code="c">Shawano</subfield><subfield code="d">Wittenberg.</subfield></datafield><datafield ind1="0" ind2="0" tag="780"><subfield code="t">Wittenberg enterprise and Birnamwood news (Wittenberg, Wis. : 1971)</subfield><subfield code="w">(DLC)sn 85040830</subfield></datafield><datafield ind1="0" ind2="0" tag="785"><subfield code="t">Wittenberg enterprise and Birnamwood news (Wittenberg, Wis. : 1982)</subfield><subfield code="x">0885-081X</subfield><subfield code="w">(DLC)sn 85040832</subfield></datafield><datafield ind1="1" ind2=" " tag="029"><subfield code="a">AU@</subfield><subfield code="b">000025806259</subfield></datafield></record>